<?xml version="1.0" encoding="UTF-8"?><record xmlns="http://www.loc.gov/MARC21/slim" xmlns:cinclude="http://apache.org/cocoon/include/1.0" xmlns:zs="http://www.loc.gov/zing/srw/">
  <leader>00607cz  a2200133n  4500</leader>
  <controlfield tag="001">n  88278300 </controlfield>
  <controlfield tag="003">DLC</controlfield>
  <controlfield tag="005">19890627082125.8</controlfield>
  <controlfield tag="008">881128n| acannaab|          |n ana |||  </controlfield>
  <datafield tag="010" ind1=" " ind2=" ">
    <subfield code="a">n  88278300 </subfield>
    <subfield code="z">n  88041929 </subfield>
  </datafield>
  <datafield tag="040" ind1=" " ind2=" ">
    <subfield code="a">DLC</subfield>
    <subfield code="c">DLC</subfield>
    <subfield code="d">DLC</subfield>
  </datafield>
  <datafield tag="110" ind1="1" ind2="0">
    <subfield code="a">Philippines.</subfield>
    <subfield code="b">Constitutional Commission of 1986</subfield>
  </datafield>
  <datafield tag="670" ind1=" " ind2=" ">
    <subfield code="a">Its Record of the Constitutional Commission, 1986:</subfield>
    <subfield code="b">t.p. (Republic of the Philippines, Constitutional Commission of 1986)</subfield>
  </datafield>
  <datafield tag="670" ind1=" " ind2=" ">
    <subfield code="a">De Leon, H.S. Textbook on the new Philippine Constitution, c1987:</subfield>
    <subfield code="b">p. 38 (the Constitutional Commission of 1986 was created by Proclamation no. 9 dated Apr. 23, 1986)</subfield>
  </datafield>
</record>